@article{pugh1990skip,
  title={Skip lists: a probabilistic alternative to balanced trees},
  author={Pugh, William},
  journal={Communications of the ACM},
  volume={33},
  number={6},
  pages={668--676},
  year={1990},
  publisher={ACM New York, NY, USA}
}
@book{papadakis1993skip,
  title={Skip lists and probabilistic analysis of algorithms},
  author={Papadakis, Thomas},
  year={1993},
  publisher={University of Waterloo Ph. D. Dissertation}
}